%% This BibTeX bibliography file was created using BibDesk.
%% http://bibdesk.sourceforge.net/


%% Created for Jerome at 2014-05-13 03:49:22 +0100 


%% Saved with string encoding Unicode (UTF-8) 

%%\bibitem{ref_article1}   \textbf{Wang, B., Taylor, L., \& Sun, Q.} (2018) Families that play together stay together: Investigating family bonding through video games. New Media \& Society, 20(11), 4074–4094. \doi{10.1177/1461444818767667}

@article{wang_taylor_sun_2018,
	title={Families that play together stay together: Investigating family bonding through video games},
	volume={20},
	DOI={10.1177/1461444818767667},
	number={11},
	journal={New Media and Society},
	author={Wang, Bingqing and Taylor, Laramie and Sun, Qiusi},
	year={2018},
	pages={4074-4094}}

%%\bibitem{ref_article2} \textbf{González, C.S., Toledo, P., Collazos, C.A., \& González-Sanchez, J.L.} (2013) Design and analysis of collaborative interactions in social educational videogames. Computers in Human Behavior 31 (2014) 602–611. \doi{10.1016/j.chb.2013.06.039}

@article{gonzalez-gonzalez_toledo-delgado_collazos-ordonez_gonzalez-sanchez_2014,
	title={Design and analysis of collaborative interactions in social educational videogames},
	volume={31},
	DOI={10.1016/j.chb.2013.06.039},
	journal={Computers in Human Behavior},
	author={González-González, Carina and Toledo-Delgado, Pedro and Collazos-Ordoñez, Cesar and González-Sánchez, José L.},
	year={2014},
	pages={602-611}}


%%\bibitem{ref_proc1} \textbf{Piper, A.M, O'Brien, E., Morris, M.R., \& Winograd, T.} (2006) SIDES: a cooperative tabletop computer game for social skills development. In: Proceedings of the 2006 20th anniversary conference on Computer supported cooperative work, November 04-08, 2006, Banff, Alberta, Canada. \doi{10.1145/1180875.1180877}

@article{piper_obrien_morris_winograd_2006,
	title={SIDES},
	DOI={10.1145/1180875.1180877},
	journal={Proceedings of the 2006 20th anniversary conference on Computer supported cooperative work - CSCW '06},
	author={Piper, Anne Marie and O'Brien, Eileen and Morris, Meredith Ringel and Winograd, Terry},
	year={2006}}

%%\bibitem{ref_article3} \textbf{Azuma, R.T.} (1997) A Survey of Augmented Reality Presence: Teleoperators and Virtual Environments 1997 Vol.6, Issue 4, 355-385. \doi{10.1162/pres.1997.6.4.355}

@article{azuma_1997,
	title={A Survey of Augmented Reality},
	volume={6},
	DOI={10.1162/pres.1997.6.4.355},
	number={4},
	journal={Presence: Teleoperators and Virtual Environments},
	author={Azuma, Ronald T.},
	year={1997},
	pages={355-385}}

%%\bibitem{ref_article4} \textbf{Gentile, D.A., et al.} (2009) The Effects of Prosocial Video Games on Prosocial Behaviors: International Evidence From Correlational, Longitudinal, and Experimental Studies. Personality and Social Psychology Bulletin, vol. 35, no. 6, June 2009, pp. 752–763. \doi{10.1177/0146167209333045}

@article{gentile_anderson_yukawa_ihori_saleem_lim_kam_ming_shibuya_liau_khoo_bushman_et_al._2009,
	title={The Effects of Prosocial Video Games on Prosocial Behaviors: International Evidence From Correlational, Longitudinal, and Experimental Studies},
	volume={35},
	DOI={10.1177/0146167209333045},
	number={6},
	journal={Personality and Social Psychology Bulletin},
	author={Gentile, Douglas A. and Anderson, Craig A. and Yukawa, Shintaro and Ihori, Nobuko and Saleem, Muniba and Lim Kam Ming and Shibuya, Akiko and Liau, Albert K. and Khoo, Angeline and Bushman, Brad J. et al.},
	year={2009},
	pages={752-763}}

%%\bibitem{ref_article5} \textbf{Griffiths, M.D.} (2002) The educational benefits of videogames. Education and Health, 20(3), 47–51.

@article{griffiths_2002,
	title={The educational benefits of videogames},
	url={https://www.academia.edu/429593/Griffiths_M.D._2002_._The_educational_benefits_of_videogames_Education_and_Health_20_47-51},
	number={20},
	journal={Education and Health},
	author={Griffiths, Mark},
	year={2002},
	pages={47-51}}

%%\bibitem{ref_book1} \textbf{Campos, B.P.} Psicologia do Desenvolvimento e Educação de Jovens vol.II. Universidade Aberta, Lisboa (1990) 

@book{campos_1990,
	place={Lisboa},
	title={Psicologia do Desenvolvimento e Educação de Jovens vol.II},
	publisher={Universidade Aberta},
	author={Campos, Bártolo Paiva},
	year={1990}}

%%\bibitem{ref_book2} \textbf{Tavares, J., Pereira, A.S., Gomes, A.A., Monteiro, S.M., Gomes, A.} Manual de Psicologia do Desenvolvimento e Aprendizagem. Porto Editora, Porto (2007)

@book{tavares_pereira_gomes_monteiro_gomes_2007,
	place={Porto},
	edition={1},
	title={Manual de Psicologia do Desenvolvimento e Aprendizagem},
	publisher={Porto Editora},
	author={Tavares, José and Pereira, Anabela Sousa and Gomes, Ana Allen and Monteiro, Sara Marques and Gomes, Alexandra},
	year={2007}}

%%\bibitem{ref_article6} 	\textbf{Tateno, M., Skokauskas, N., Kato, T. A., Teo, A. R., \& Guerrero, A.} (2016) New game software (Pokémon Go) may help youth with severe social withdrawal, hikikomori. Psychiatry research, 246, 848-849. \doi{10.1016/j.psychres.2016.10.038}

@article{tateno_skokauskas_kato_teo_guerrero_2016,
	title={New game software (Pokémon Go) may help youth with severe social withdrawal, hikikomori},
	volume={246},
	DOI={10.1016/j.psychres.2016.10.038},
	journal={Psychiatry Research},
	author={Tateno, Masaru and Skokauskas, Norbert and Kato, Takahiro A. and Teo, Alan R. and Guerrero, Anthony P.S.},
	year={2016},
	pages={848-849}}

%%\bibitem{ref_article7} \textbf{Kato, T.A., Teo, A.R., Tateno, M., Watabe, M., Kubo, H. \& Kanba, S.} (2017) Can Pokémon GO rescue shut-ins (hikikomori) from their isolated world?. Psychiatry Clin. Neurosci., 71: 75-76. \doi{10.1111/pcn.12481}

@article{kato_teo_tateno_watabe_kubo_kanba_2016,
	title={Can Pokémon GO rescue shut-ins (hikikomori) from their isolated world?},
	volume={71},
	DOI={10.1111/pcn.12481},
	number={1},
	journal={Psychiatry and Clinical Neurosciences},
	author={Kato, Takahiro A. and Teo, Alan R. and Tateno, Masaru and Watabe, Motoki and Kubo, Hiroaki and Kanba, Shigenobu},
	year={2016},
	pages={75-76}}

%%\bibitem{ref_article8} \textbf{Pettigrew, T.F.} (1998). INTERGROUP CONTACT THEORY. Annual Review of Psychology, 49(1), 65–85. \doi{10.1146/annurev.psych.49.1.65}

@article{pettigrew_1998,
	title={INTERGROUP CONTACT THEORY},
	volume={49},
	DOI={10.1146/annurev.psych.49.1.65},
	number={1},
	journal={Annual Review of Psychology},
	author={Pettigrew, Thomas F.},
	year={1998},
	pages={65-85}}

%%\bibitem{ref_proc2} \textbf{Sutherland, I.E.} (1968). A head-mounted three dimensional display. Proceedings of the December 9-11, 1968, Fall Joint Computer Conference, Part I on - AFIPS ’68 (Fall, Part I). \doi{10.1145/1476589.1476686}

@article{sutherland_1968,
	title={A head-mounted three dimensional display},
	DOI={10.1145/1476589.1476686},
	journal={Proceedings of the December 9-11, 1968, fall joint computer conference, part I on - AFIPS '68 (Fall, part I)},
	author={Sutherland, Ivan E.},
	year={1968}}

%%\bibitem{ref_article9} \textbf{Rapp, D., Müller, J., Bucher, K., \& Von Mammen, S.} (2018) Pathomon: A Social Augmented Reality Serious Game, 2018 10th International Conference on Virtual Worlds and Games for Serious Applications (VS-Games), Wurzburg, 2018, pp. 1-4. \doi{10.1109/VS-Games.2018.8493437}

@article{rapp_muller_bucher_von_mammen_2018,
	title={Pathomon: A Social Augmented Reality Serious Game},
	DOI={10.1109/vs-games.2018.8493437},
	journal={2018 10th International Conference on Virtual Worlds and Games for Serious Applications (VS-Games)},
	author={Rapp, Daniel and Muller, Jonas and Bucher, Kristina and von Mammen, Sebastian},
	year={2018}}

%%\bibitem{ref_article10} \textbf{Bringas, J.A.S., Léon, M.A.C., Cota, I.E., and Carrillo, A.L.} (2016) Development of a videogame to improve communication in children with autism, 2016 XI Latin American Conference on Learning Objects and Technology, San Carlos, 2016, pp. 1-6. \doi{10.1109/LACLO.2016.7751751}

@article{bringas_leon_cota_carrillo_2016,
	title={Development of a videogame to improve communication in children with autism},
	DOI={10.1109/laclo.2016.7751751},
	journal={2016 XI Latin American Conference on Learning Objects and Technology (LACLO)},
	author={Bringas, J. Andres Sandoval and Leon, Monica A. Carreno and Cota, Italia Estrada and Carrillo, Alejandro Leyva},
	year={2016}}

%%\bibitem{ref_article11} \textbf{ Shin, J., Kim, J., \& Woo, W.} (2017) Narrative design for Rediscovering Daereungwon: A location-based augmented reality game. 2017 IEEE International Conference on Consumer Electronics (ICCE). \doi{10.1109/icce.2017.7889364}

@article{shin_kim_woo_2017,
	title={Narrative design for Rediscovering Daereungwon: A location-based augmented reality game},
	DOI={10.1109/icce.2017.7889364},
	journal={2017 IEEE International Conference on Consumer Electronics (ICCE)},
	author={Shin, J. and Kim, J. and Woo, W.},
	year={2017}}

%%\bibitem{ref_article12} \textbf{Hirose, J., Hirokawa, M., \& Suzuki, K.} (2014) Robotic gaming companion to facilitate social interaction among children, The 23rd IEEE International Symposium on Robot and Human Interactive Communication, Edinburgh, 2014, pp. 63-68. \doi{10.1109/ROMAN.2014.6926231}

@article{hirose_hirokawa_suzuki_2014,
	title={Robotic gaming companion to facilitate social interaction among children},
	DOI={10.1109/roman.2014.6926231},
	journal={The 23rd IEEE International Symposium on Robot and Human Interactive Communication},
	author={Hirose, Junya and Hirokawa, Masakazu and Suzuki, Kenji},
	year={2014}}

%%\bibitem{ref_article13} \textbf{Mansilla, A., Ochoa, A., Ponce, J., Herrera, M., Hernández, A., \& Cossio, E.} (2017) Implementation of an chatbot in a serious game associated with the acquisition of social skills and the promotion of collaborative tasks in children, 2017 Twelfth Latin American Conference on Learning Technologies (LACLO), La Plata, 2017, pp. 1-4. \doi{10.1109/LACLO.2017.8120912}

@article{mansilla_ochoa_ponce_herrera_hernandez_cossio_2017,
	title={Implementation of an chatbot in a serious game associated with the acquisition of social skills and the promotion of collaborative tasks in children},
	DOI={10.1109/laclo.2017.8120912},
	journal={2017 Twelfth Latin American Conference on Learning Technologies (LACLO)},
	author={Mansilla, Adriana and Ochoa, Alberto and Ponce, Julio and Herrera, Marcela and Hernandez, Alberto and Cossio, Edgar},
	year={2017}}

%%\bibitem{ref_article14} \textbf{Abras, C., Maloney-Krichmar, D., \& Preece, J.} (2004). User-centered design. Bainbridge, W. Encyclopedia of Human-Computer Interaction. Thousand Oaks: Sage Publications, 37(4), 445-456.

@INPROCEEDINGS{Abras04user-centereddesign,
	author = {Chadia Abras and Diane Maloney-krichmar and Jenny Preece},
	title = {User-Centered Design},
	booktitle = {In Bainbridge, W. Encyclopedia of Human-Computer Interaction. Thousand Oaks: Sage Publications},
	year = {2004},
	publisher = {Publications},
	pages = {445-456}
}

%%\bibitem{ref_article15} \textbf{Rauschnabel, P. A., Rossmann, A., \& tom Dieck, M. C.} (2017) An adoption framework for mobile augmented reality games: The case of Pokémon Go. Computers in Human Behavior, 76, 276–286. \doi{10.1016/j.chb.2017.07.030}

@article{rauschnabel_rossmann_tom_dieck_2017,
	title={An adoption framework for mobile augmented reality games: The case of Pokémon Go},
	volume={76},
	DOI={10.1016/j.chb.2017.07.030},
	journal={Computers in Human Behavior},
	author={Rauschnabel, Philipp A. and Rossmann, Alexander and tom Dieck, M. Claudia},
	year={2017},
	pages={276-286}}


%%\bibitem{ref_lncs1} \textbf{Wilkinson, P.} A Brief History of Serious Games. In: Dörner, R., Göbel, S., Kickmeier-Rust, M., Masuch, M., Zweig, K. (eds) Entertainment Computing and Serious Games 2016. Lecture Notes in Computer Science, vol 9970. Springer, Cham. (2016) \doi{10.1007/978-3-319-46152-6\_2}

@inbook{wilkinson_2016,
	author = {Wilkinson, Phil},
	year = {2016},
	month = {10},
	pages = {17-41},
	title = {A Brief History of Serious Games},
	volume = {9970},
	doi = {10.1007/978-3-319-46152-6_2}
}

%%\bibitem{ref_article17} \textbf{M Steiner, C., Hollins, P., Kluijfhout, E., Dascalu, M., Nussbaumer, A., Albert, D., \& Westera, W.} (2015). Evaluation of Serious Games: A Holistic Approach. 8th International Conference of Education Research and Innovation (ICERI 2015), 16-18 November 2015, Sevilla, Spain; Proceedings Page 4334 to 4342. \doi{10.13140/RG.2.1.3761.8002}

@inproceedings{steiner_at_al_2015,
	author = {M Steiner, Christina and Hollins, P and Kluijfhout, Eric and Dascalu, Mihai and Nussbaumer, Alexander and Albert, Dietrich and Westera, Wim},
	year = {2015},
	month = {11},
	pages = {},
	title = {Evaluation of Serious Games: A Holistic Approach},
	doi = {10.13140/RG.2.1.3761.8002}
}

%%\bibitem{ref_article18} \textbf{Das, P., Zhu, M., McLaughlin, L., Bilgrami, Z., \& Milanaik, R.L.} Augmented Reality Video Games: New Possibilities and Implications for Children and Adolescents. Multimodal Technologies and Interaction. 2017; 1(2):8.

@article{das_zhu_mclaughlin_bilgrami_milanaik_2017,
	title={Augmented Reality Video Games: New Possibilities and Implications for Children and Adolescents},
	volume={1},
	DOI={10.3390/mti1020008},
	number={2},
	journal={Multimodal Technologies and Interaction},
	author={Das, Prithwijit and Zhu, Meng'ou and McLaughlin, Laura and Bilgrami, Zaid and Milanaik, Ruth L.},
	year={2017},
	pages={8}}

%%\bibitem{ref_proc3} \textbf{Molnar,  A.  \&  Kostkova,  P.}  (2014).  Gaming  to  master  the  game.  Game  usability  and  game mechanics.  In  Proceedings  of  the  3rd International  Conference  on  Serious  Games  and Applications for Health (pp. 147-153). Rio de Janeiro, Brazil: IEEE.

@inproceedings{molnar_kostkova_2014,
	author = {Molnar, Andreea and Kostkova, Patty},
	year = {2014},
	month = {05},
	pages = {},
	title = {Gaming to Master the Game: Game usability and game mechanics},
	journal = {SeGAH 2014 - IEEE 3rd International Conference on Serious Games and Applications for Health, Books of Proceedings},
	doi = {10.1109/SeGAH.2014.7067091}
}

%\bibitem{ref_article19} \textbf{Phan, M, Keebler, J. \& Chaparro, B.} (2016). The Development and Validation of the Game User Experience Satisfaction Scale (GUESS). Human Factors: The Journal of the Human Factors and Ergonomics Society. 58. \doi{10.1177/0018720816669646}

@article{phan_keebler_chaparro_2016,
	title={The Development and Validation of the Game User Experience Satisfaction Scale (GUESS)},
	volume={58},
	DOI={10.1177/0018720816669646},
	number={8},
	journal={Human Factors: The Journal of the Human Factors and Ergonomics Society},
	author={Phan, Mikki H. and Keebler, Joseph R. and Chaparro, Barbara S.},
	year={2016},
	pages={1217-1247}}

%\bibitem{ref_article20} \textbf{Wilde, M., Bätz, K., Kovaleva, A. & Urhahne, D.} (2009). Überprüfung einer Kurzskala intrinsicher Motivation (KIM). Zeitschrift für Didaktik der Naturwissenschaften. 15. 31-45.

@article{wilde_et_al_2009,
	author = {Wilde, Matthias and Bätz, katrin and Kovaleva, Anastassiya and urhahne, detlef},
	year = {2009},
	month = {01},
	pages = {31-45},
	title = {Überprüfung einer Kurzskala intrinsicher Motivation (KIM)},
	volume = {15},
	journal = {Zeitschrift für Didaktik der Naturwissenschaften}
}

@misc{adam_barnard_2019,
	title={http://adambarnard.com},
	url={http://www.adambarnard.com/Adam_Barnard/Home.html},
	journal={Adambarnard.com},
	author={Barnard, Adam},
	year={2019}
}

@misc{dot_project_website_2017,
    title = {DOT - Die Offene Tür, https://dot.lbg.ac.at/},
	url={https://dot.lbg.ac.at/},
	journal={DOT - Die Offene Tür},
	year={2019}
}

